%YAML 1.1
%TAG !u! tag:unity3d.com,2011:
--- !u!1 &166718
GameObject:
  m_ObjectHideFlags: 0
  m_PrefabParentObject: {fileID: 0}
  m_PrefabInternal: {fileID: 100100000}
  serializedVersion: 4
  m_Component:
  - 224: {fileID: 22491174}
  - 222: {fileID: 22272396}
  - 114: {fileID: 11418164}
  - 114: {fileID: 11498320}
  - 114: {fileID: 11404506}
  m_Layer: 5
  m_Name: Credits
  m_TagString: Untagged
  m_Icon: {fileID: 0}
  m_NavMeshLayer: 0
  m_StaticEditorFlags: 0
  m_IsActive: 1
--- !u!114 &11404506
MonoBehaviour:
  m_ObjectHideFlags: 1
  m_PrefabParentObject: {fileID: 0}
  m_PrefabInternal: {fileID: 100100000}
  m_GameObject: {fileID: 166718}
  m_Enabled: 1
  m_EditorHideFlags: 0
  m_Script: {fileID: 11500000, guid: b50595e966c0edb46b1e0ec0cb1249db, type: 3}
  m_Name: 
  m_EditorClassIdentifier: 
  EnableScrolling: 1
  ScrollingSpeed: 20
  Direction: {x: 0, y: 1, z: 0}
  TextToScroll: {fileID: 11418164}
--- !u!114 &11418164
MonoBehaviour:
  m_ObjectHideFlags: 1
  m_PrefabParentObject: {fileID: 0}
  m_PrefabInternal: {fileID: 100100000}
  m_GameObject: {fileID: 166718}
  m_Enabled: 1
  m_EditorHideFlags: 0
  m_Script: {fileID: 708705254, guid: f5f67c52d1564df4a8936ccd202a3bd8, type: 3}
  m_Name: 
  m_EditorClassIdentifier: 
  m_Material: {fileID: 0}
  m_Color: {r: 1, g: 1, b: 1, a: 1}
  m_FontData:
    m_Font: {fileID: 12800000, guid: ab7747f3bddf25745a4628409ee2c143, type: 3}
    m_FontSize: 16
    m_FontStyle: 0
    m_BestFit: 0
    m_MinSize: 10
    m_MaxSize: 40
    m_Alignment: 1
    m_RichText: 1
    m_HorizontalOverflow: 0
    m_VerticalOverflow: 1
    m_LineSpacing: 1
  m_Text: "Credits:\n\nDesigned and coded by Wompipomp\n\nGraphics:\r\nPixel Explosion
    Art Pack (https://www.patreon.com/creation?hid=1908952) by Ansimuz\r\nDust Mountain
    Background (https://www.patreon.com/creation?hid=1812199) by Ansimuz\r\nSpace
    Ship Shooter (https://www.patreon.com/creation?hid=1645657) by Ansimuz\r\nGradius
    Clone Sprites: http://opengameart.org/content/gradius-clone-sprites by surt\r\n\r\nMusic:\r\nArtblock:
    http://opengameart.org/content/artblock by Jan125\r\nBurgers: http://opengameart.org/content/burgers
    by Jan125\r\nCausticChip: http://opengameart.org/content/caustic-chip by Jan125\r\nJum
    to win: http://opengameart.org/content/neocrey-jump-to-win by neocrey\r\nPlan:
    http://opengameart.org/content/plan by Sudocolon\r\nRaining Bits: http://opengameart.org/content/raining-bits
    by Gundatsch - https://soundcloud.com/gundatsch\r\n\r\nFX:\r\nRetro Sound Effects:
    https://www.assetstore.unity3d.com/en/#!/content/22153 by mulula\r\n\r\nFont:\r\nPress
    Start 2P: http://openfontlibrary.org/en/font/press-start-2p"
--- !u!114 &11498320
MonoBehaviour:
  m_ObjectHideFlags: 1
  m_PrefabParentObject: {fileID: 0}
  m_PrefabInternal: {fileID: 100100000}
  m_GameObject: {fileID: 166718}
  m_Enabled: 1
  m_EditorHideFlags: 0
  m_Script: {fileID: -900027084, guid: f5f67c52d1564df4a8936ccd202a3bd8, type: 3}
  m_Name: 
  m_EditorClassIdentifier: 
  m_EffectColor: {r: .832800686, g: .236051053, b: .867647052, a: 1}
  m_EffectDistance: {x: 1, y: 1}
  m_UseGraphicAlpha: 1
--- !u!222 &22272396
CanvasRenderer:
  m_ObjectHideFlags: 1
  m_PrefabParentObject: {fileID: 0}
  m_PrefabInternal: {fileID: 100100000}
  m_GameObject: {fileID: 166718}
--- !u!224 &22491174
RectTransform:
  m_ObjectHideFlags: 1
  m_PrefabParentObject: {fileID: 0}
  m_PrefabInternal: {fileID: 100100000}
  m_GameObject: {fileID: 166718}
  m_LocalRotation: {x: 0, y: 0, z: 0, w: 1}
  m_LocalPosition: {x: 0, y: 0, z: 0}
  m_LocalScale: {x: 1, y: 1, z: 1}
  m_Children: []
  m_Father: {fileID: 0}
  m_RootOrder: 0
  m_AnchorMin: {x: .5, y: 0}
  m_AnchorMax: {x: .5, y: 0}
  m_AnchoredPosition: {x: 0, y: 0}
  m_SizeDelta: {x: 300, y: 30}
  m_Pivot: {x: .5, y: 1}
--- !u!1001 &100100000
Prefab:
  m_ObjectHideFlags: 1
  serializedVersion: 2
  m_Modification:
    m_TransformParent: {fileID: 0}
    m_Modifications: []
    m_RemovedComponents: []
  m_ParentPrefab: {fileID: 0}
  m_RootGameObject: {fileID: 166718}
  m_IsPrefabParent: 1
